<?xml version="1.0" encoding="UTF-8"?><collection xmlns="http://www.loc.gov/MARC21/slim"><record><leader>00417nam--2200145-i-4500</leader><controlfield tag="001">000032546</controlfield><controlfield tag="002">20161230</controlfield><controlfield tag="005">20161230201039</controlfield><controlfield tag="008">060222s1000------------r-----000-0-eng-d</controlfield><datafield ind1=" " ind2=" " tag="080"><subfield code="a">541.64</subfield></datafield><datafield ind1=" " ind2=" " tag="245"><subfield code="a">Markov chains and monte carlo calculations in polymer science</subfield></datafield><datafield ind1=" " ind2=" " tag="260"><subfield code="a">New York, Marcel Dekker, Inc., 1970. Xi+329p</subfield></datafield><datafield ind1=" " ind2=" " tag="490"><subfield code="a">Monographs In Macromolecular Chemistry</subfield></datafield><datafield ind1=" " ind2=" " tag="700"><subfield code="a">George Lowry</subfield></datafield><datafield ind1=" " ind2=" " tag="852"><subfield code="a">35394</subfield></datafield></record></collection>